<?xml version="1.0" encoding="UTF-8"?><collection xmlns="http://www.loc.gov/MARC21/slim"><record><leader>00359nam--2200121-i-4500</leader><controlfield tag="001">000004298</controlfield><controlfield tag="002">20161230</controlfield><controlfield tag="005">20161230201025</controlfield><controlfield tag="008">060222s1000------------r-----000-0-eng-d</controlfield><datafield ind1=" " ind2=" " tag="080"><subfield code="a">045.25=3</subfield></datafield><datafield ind1=" " ind2=" " tag="245"><subfield code="a">Dezimanl-klassifikation. deutsche gesamatausgabe. 3-te internationale ausgabe lieferung 1-7</subfield></datafield><datafield ind1=" " ind2=" " tag="260"><subfield code="a">Berlin, Beuth-vertrieb Gmbh, 1934-1958</subfield></datafield><datafield ind1=" " ind2=" " tag="852"><subfield code="a">13596</subfield></datafield></record></collection>